@article{leoni,
	title = {Assessing e-scooters safety and drivability: a quantitative analysis},
	journal = {IFAC-PapersOnLine},
	volume = {55},
	number = {24},
	pages = {260-265},
	year = {2022},
	note = {10th IFAC Symposium on Advances in Automotive Control AAC 2022},
	issn = {2405-8963},
	doi = {https://doi.org/10.1016/j.ifacol.2022.10.294},
	url = {https://www.sciencedirect.com/science/article/pii/S2405896322023266},
	author = {Jessica Leoni and Mara Tanelli and Silvia Carla Strada and Sergio Matteo Savaresi},
	keywords = {E-scooters, drivability, safety, comfort, vehicle dynamics}
}

@article{chen,
	title = {Feature selection for driving style and skill clustering using naturalistic driving data and driving behavior questionnaire},
	journal = {Accident Analysis \& Prevention},
	volume = {185},
	pages = {107022},
	year = {2023},
	issn = {0001-4575},
	doi = {https://doi.org/10.1016/j.aap.2023.107022},
	url = {https://www.sciencedirect.com/science/article/pii/S0001457523000696},
	author = {Yao Chen and Ke Wang and Jian John Lu},
	keywords = {Driving behavior, Feature selection, Cluster analysis, Driving behavior questionnaire, Driving skill, Driving style}
}

@article{dtw,
	author={Johnson, Derick A. and Trivedi, Mohan M.},
	booktitle={2011 14th International IEEE Conference on Intelligent Transportation Systems (ITSC)}, 
	title={Driving style recognition using a smartphone as a sensor platform}, 
	year={2011},
	volume={},
	number={},
	pages={1609-1615},
	keywords={Vehicles;Accelerometers;Acceleration;Gyroscopes;Monitoring;Safety;Global Positioning System},
	doi={10.1109/ITSC.2011.6083078}
}

@article{dtwAndCo,
	author={Saiprasert C., Pholprasit T., Thajchayapong S.},
	title={Detection of Driving Events using Sensory Data on Smartphone.},
	year={2017},
	volume={Int. J. ITS Res.},
	number={15},
	pages={17-28},
	doi={https://doi.org/10.1007/s13177-015-0116-5}
}

@article{MA2021106096,
	title = {Driving style recognition and comparisons among driving tasks based on driver behavior in the online car-hailing industry},
	journal = {Accident Analysis \& Prevention},
	volume = {154},
	pages = {106096},
	year = {2021},
	issn = {0001-4575},
	doi = {https://doi.org/10.1016/j.aap.2021.106096},
	url = {https://www.sciencedirect.com/science/article/pii/S0001457521001275},
	author = {Yongfeng Ma and Wenlu Li and Kun Tang and Ziyu Zhang and Shuyan Chen},
}

@article{transfun,
	author = {USAMI, Yuri and ISHIKAWA, Kazuaki and TAKAYAMA, Toshinori and YANAGISAWA, Masao and TOGAWA, Nozomu},
	year = {2019},
	month = {08},
	pages = {953-965},
	title = {Bicycle Behavior Recognition Using 3-Axis Acceleration Sensor and 3-Axis Gyro Sensor Equipped with Smartphone},
	volume = {E102.A},
	journal = {IEICE Transactions on Fundamentals of Electronics, Communications and Computer Sciences},
	doi = {10.1587/transfun.E102.A.953}
}

@artice{brake,
	author={Schnee, Jan and Stegmaier, JÃ¼rgen and Lipowsky, Tobias and Li, Pu},
	booktitle={2019 IEEE Sensors Applications Symposium (SAS)}, 
	title={Brake Detection for Electric Bicycles using Inertial Measurement Units}, 
	year={2019},
	volume={},
	number={},
	pages={1-6},
	keywords={Brakes;Estimation;Acceleration;Bicycles;Resistance;Vehicle dynamics;Wind speed;electric bicycle;MEMS;brake detection;mass estimation},
	doi={10.1109/SAS.2019.8706001}
}

@article{ruota,
	author={R., Dhinesh and S.P., Preejith and Sivaprakasam, Mohanasankar},
	booktitle={2019 IEEE International Symposium on Medical Measurements and Applications (MeMeA)}, 
	title={Ride Profiling for a Single Speed Bicycle Using an Inertial Sensor}, 
	year={2019},
	volume={},
	number={},
	pages={1-6},
	keywords={Wheels;Acceleration;Gyroscopes;Force;Accelerometers;Bicycles;Propulsion;sports technology;cycling sensor;inertial sensors;athletic performance},
	doi={10.1109/MeMeA.2019.8802138}
}

@article{D&RSense,
	author={Bose, Beepa and Dutta, Joy and Ghosh, Subhasish and Pramanick, Pradip and Roy, Sarbani},
	booktitle={2018 3rd International Conference On Internet of Things: Smart Innovation and Usages (IoT-SIU)}, 
	title={D\&RSense: Detection of Driving Patterns and Road Anomalies}, 
	year={2018},
	volume={},
	number={},
	pages={1-7},
	keywords={Smart phones;Vehicles;Roads;Sensors;Acceleration;Accelerometers;Support vector machines;Driving style analysis;Road quality detection;FastDTW;SVM},
	doi={10.1109/IoT-SIU.2018.8519861}
}


