@article{pedale,
	title = {E Levarda 2018 IOP Conf. Ser.: Mater. Sci. Eng. 444 052013},
}

@online{PhysicalCycling,
	title = {Physical Cycling},
	url = {https://physicalcycling.com/},
}

@online{BetterBicycles,
	title = {Better Bicycles},
	url = {https://betterbicycles.org/bicycle-power-calculations/},
}

@article{brake,
	author={Schnee, Jan and Stegmaier, Jürgen and Lipowsky, Tobias and Li, Pu},
	booktitle={2019 IEEE Sensors Applications Symposium (SAS)}, 
	title={Brake Detection for Electric Bicycles using Inertial Measurement Units}, 
	year={2019},
	volume={},
	number={},
	pages={1-6},
	keywords={Brakes;Estimation;Acceleration;Bicycles;Resistance;Vehicle dynamics;Wind speed;electric bicycle;MEMS;brake detection;mass estimation},
	doi={10.1109/SAS.2019.8706001}
}


@article{CyclingPower,
	author = {Martin JC, Milliken DL, Cobb JE, McFadden KL, Coggan AR},
	title = {Validation of a Mathematical Model for Road Cycling Power.},
	journaltitle = {Journal of applied biomechanics},
	year={1998},
	volume={14},
	number={3},
	pages={276-291},
	date = {date},
	doi = {10.1123/jab.14.3.276},
}

@article{Velodromo,
	author = {B. Fitton, D. Symons},
	title = {A mathematical model for simulating cycling: applied to track cycling.},
	journaltitle = {Sports Eng},
	number={21},
	pages={409–418},
	date = {2018},
	doi ={10.1007/s12283-018-0283-0},
}


